customer_id,product_id,order_id,City,State,Date,Product_Category,Sales,Quantity_Sold
584,9,1048,Dallas,Texas,1/1/2023,Toys,973.73,6
371,4,628,San Antonio,Texas,1/1/2023,Toys,777.67,3
19,19,779,San Jose,California,1/1/2023,Furniture,991.18,7
21,1,146,Phoenix,Arizona,1/1/2023,Furniture,491.62,6
492,4,741,Philadelphia,Pennsylvania,1/1/2023,Furniture,574.56,4
527,18,638,Chicago,Illinois,1/2/2023,Toys,218.98,4
120,19,377,Houston,Texas,1/2/2023,Electronics,713.96,1
40,14,144,Los Angeles,California,1/2/2023,Toys,926.63,7
167,18,494,Phoenix,Arizona,1/3/2023,Toys,511.33,7
33,4,1018,San Antonio,Texas,1/4/2023,Clothing,311.29,2
304,1,603,Phoenix,Arizona,1/4/2023,Toys,806.92,6
183,5,1040,San Jose,California,1/5/2023,Toys,299.6,3
514,18,12,Los Angeles,California,1/5/2023,Electronics,774.26,9
184,5,926,Chicago,Illinois,1/5/2023,Clothing,184.17,4
608,16,1232,Dallas,Texas,1/5/2023,Electronics,708.4,8
97,5,1080,Dallas,Texas,1/5/2023,Toys,631.63,1
466,17,903,Houston,Texas,1/6/2023,Furniture,633.99,9
184,7,443,Los Angeles,California,1/6/2023,Furniture,121.23,5
126,12,1136,Houston,Texas,1/7/2023,Electronics,527.4,3
132,11,717,Los Angeles,California,1/7/2023,Furniture,299.92,9
595,3,763,New York,New York,1/8/2023,Clothing,452.79,7
95,20,939,San Diego,California,1/8/2023,Clothing,659.92,2
566,7,437,Houston,Texas,1/8/2023,Furniture,189.23,6
21,17,46,Chicago,Illinois,1/9/2023,Books,805.57,6
555,7,1200,Houston,Texas,1/9/2023,Clothing,654.35,9
575,20,500,Chicago,Illinois,1/9/2023,Clothing,435.87,8
80,20,91,San Diego,California,1/10/2023,Clothing,698.47,5
399,19,422,Los Angeles,California,1/10/2023,Books,840.37,9
63,4,269,Dallas,Texas,1/12/2023,Electronics,417.36,3
500,4,19,Chicago,Illinois,1/12/2023,Electronics,477.07,4
420,15,1230,Chicago,Illinois,1/12/2023,Books,626.05,3
402,13,656,San Diego,California,1/13/2023,Toys,139.44,8
38,3,236,San Jose,California,1/13/2023,Clothing,933.09,1
106,18,1174,Philadelphia,Pennsylvania,1/13/2023,Furniture,209.14,7
97,15,790,San Diego,California,1/13/2023,Electronics,466.42,4
556,14,477,New York,New York,1/14/2023,Clothing,872.05,2
582,2,753,Chicago,Illinois,1/14/2023,Toys,318.07,3
9,19,1198,San Antonio,Texas,1/14/2023,Furniture,329.98,10
86,5,1034,Phoenix,Arizona,1/14/2023,Electronics,389.16,10
448,5,462,Philadelphia,Pennsylvania,1/15/2023,Electronics,859.5,10
123,8,660,Houston,Texas,1/15/2023,Furniture,373.28,3
28,1,936,San Antonio,Texas,1/15/2023,Furniture,403.71,1
541,2,81,San Jose,California,1/16/2023,Electronics,393.63,2
677,9,930,Phoenix,Arizona,1/17/2023,Electronics,331.66,2
356,15,7,Houston,Texas,1/18/2023,Electronics,241.81,3
190,5,1208,Chicago,Illinois,1/19/2023,Toys,919.91,8
521,4,548,San Jose,California,1/19/2023,Electronics,753.49,9
585,16,694,Houston,Texas,1/20/2023,Furniture,324.19,4
25,1,67,Philadelphia,Pennsylvania,1/20/2023,Toys,594.06,7
435,14,897,Los Angeles,California,1/21/2023,Books,527.03,7
276,7,264,New York,New York,1/21/2023,Electronics,880.85,9
227,19,1149,Chicago,Illinois,1/22/2023,Toys,738.23,2
234,19,640,Houston,Texas,1/22/2023,Electronics,716.44,5
593,5,1245,New York,New York,1/22/2023,Clothing,406.26,9
673,16,23,San Jose,California,1/23/2023,Books,636.8,4
80,16,459,Philadelphia,Pennsylvania,1/23/2023,Electronics,838.17,5
178,16,578,San Jose,California,1/25/2023,Electronics,255.82,9
464,12,449,Chicago,Illinois,1/25/2023,Furniture,725.02,1
382,15,1113,Houston,Texas,1/25/2023,Books,623.22,9
598,1,442,Phoenix,Arizona,1/26/2023,Furniture,892.97,1
249,4,880,Los Angeles,California,1/26/2023,Furniture,843.55,3
248,14,135,San Diego,California,1/27/2023,Toys,896.33,2
101,5,453,New York,New York,1/28/2023,Toys,254.51,3
161,10,243,San Diego,California,1/28/2023,Clothing,139.68,4
181,13,604,San Antonio,Texas,1/28/2023,Toys,644.14,6
152,16,1124,Philadelphia,Pennsylvania,1/28/2023,Electronics,795.44,6
328,17,672,New York,New York,1/28/2023,Clothing,523.9,2
211,13,194,Philadelphia,Pennsylvania,1/29/2023,Toys,403.53,3
291,2,1019,San Jose,California,1/29/2023,Electronics,768.92,8
465,20,508,Dallas,Texas,1/30/2023,Electronics,244.06,10
12,19,253,San Diego,California,2/2/2023,Electronics,153.03,6
127,3,1093,New York,New York,2/2/2023,Electronics,963.23,10
156,4,727,San Jose,California,2/2/2023,Books,503.76,1
488,15,691,New York,New York,2/3/2023,Furniture,267.14,8
207,7,84,Los Angeles,California,2/3/2023,Books,238.57,6
676,19,703,Philadelphia,Pennsylvania,2/3/2023,Electronics,779.48,9
186,4,539,San Jose,California,2/4/2023,Electronics,621.35,10
364,20,812,San Antonio,Texas,2/4/2023,Clothing,599.8,4
567,18,363,Phoenix,Arizona,2/4/2023,Clothing,658.69,9
380,16,312,Philadelphia,Pennsylvania,2/4/2023,Books,717,4
204,2,1106,San Antonio,Texas,2/4/2023,Furniture,841.42,4
244,6,53,Phoenix,Arizona,2/5/2023,Toys,670.34,10
299,17,1000,Philadelphia,Pennsylvania,2/5/2023,Furniture,136.09,10
192,18,431,Los Angeles,California,2/5/2023,Books,321.19,8
401,6,1165,Houston,Texas,2/6/2023,Books,215.04,6
666,15,48,Chicago,Illinois,2/6/2023,Electronics,970.6,10
574,13,73,Houston,Texas,2/6/2023,Toys,706,1
18,15,922,Chicago,Illinois,2/7/2023,Toys,212.22,1
206,6,342,New York,New York,2/8/2023,Books,580.74,2
130,5,467,Houston,Texas,2/8/2023,Electronics,295.11,3
241,12,591,Dallas,Texas,2/8/2023,Electronics,615.82,4
107,2,1002,New York,New York,2/8/2023,Toys,374.56,4
670,16,1188,San Jose,California,2/8/2023,Electronics,662.79,4
418,2,1118,Dallas,Texas,2/8/2023,Electronics,850.51,1
581,10,1014,Phoenix,Arizona,2/8/2023,Toys,173.15,1
191,1,562,Dallas,Texas,2/10/2023,Books,694.37,8
655,6,359,Los Angeles,California,2/10/2023,Toys,459.37,6
676,19,114,San Diego,California,2/10/2023,Clothing,276.01,9
532,8,709,Dallas,Texas,2/11/2023,Furniture,397.76,1
361,19,826,Houston,Texas,2/11/2023,Electronics,355.57,8
331,5,1156,Houston,Texas,2/12/2023,Electronics,576.87,7
468,20,740,Chicago,Illinois,2/12/2023,Furniture,830.66,1
531,14,1213,San Antonio,Texas,2/13/2023,Furniture,490.57,2
245,14,830,San Jose,California,2/13/2023,Clothing,376.08,6
392,18,25,Houston,Texas,2/13/2023,Toys,842.95,9
536,19,1088,Philadelphia,Pennsylvania,2/13/2023,Toys,695.94,9
511,2,261,Houston,Texas,2/14/2023,Books,717.42,6
466,13,876,New York,New York,2/15/2023,Toys,783.16,9
597,14,1116,Los Angeles,California,2/15/2023,Electronics,461.3,5
514,1,281,San Jose,California,2/15/2023,Toys,251.9,3
277,6,940,Dallas,Texas,2/16/2023,Clothing,320.1,6
222,14,793,San Jose,California,2/16/2023,Clothing,125.16,5
234,15,1084,Philadelphia,Pennsylvania,2/16/2023,Electronics,608.01,5
46,5,122,New York,New York,2/16/2023,Toys,425.18,4
356,10,80,Los Angeles,California,2/17/2023,Toys,616.92,1
416,19,744,San Jose,California,2/17/2023,Clothing,960.87,2
17,10,237,San Diego,California,2/17/2023,Toys,883.28,7
200,1,662,Dallas,Texas,2/18/2023,Books,276.3,2
628,5,1235,Houston,Texas,2/18/2023,Furniture,975.14,5
431,14,1082,San Diego,California,2/19/2023,Toys,223.78,7
685,16,991,Dallas,Texas,2/20/2023,Toys,378.79,2
180,12,22,Phoenix,Arizona,2/20/2023,Clothing,106.2,1
621,6,303,San Antonio,Texas,2/20/2023,Toys,917.89,1
241,11,921,San Diego,California,2/20/2023,Furniture,227.21,6
283,10,367,Philadelphia,Pennsylvania,2/20/2023,Electronics,508.26,3
530,4,228,San Jose,California,2/20/2023,Clothing,436.93,5
161,20,115,Los Angeles,California,2/21/2023,Clothing,189.76,2
589,12,911,San Jose,California,2/21/2023,Clothing,582.99,4
490,16,884,San Antonio,Texas,2/21/2023,Clothing,940.26,9
59,4,513,Dallas,Texas,2/22/2023,Clothing,719.59,8
388,9,1008,New York,New York,2/22/2023,Clothing,795.71,4
351,18,481,Philadelphia,Pennsylvania,2/22/2023,Toys,857.29,7
238,2,1255,Houston,Texas,2/22/2023,Books,751.47,4
416,7,457,Dallas,Texas,2/22/2023,Clothing,788.73,6
106,18,1058,Phoenix,Arizona,2/22/2023,Furniture,994.26,8
674,7,632,Philadelphia,Pennsylvania,2/22/2023,Clothing,714.66,1
103,6,680,San Jose,California,2/23/2023,Electronics,246.46,4
232,5,298,Chicago,Illinois,2/23/2023,Electronics,180.69,2
357,12,785,Dallas,Texas,2/23/2023,Toys,965.72,2
625,2,620,San Jose,California,2/23/2023,Clothing,553.99,7
504,4,800,San Antonio,Texas,2/23/2023,Furniture,844,5
184,15,993,Los Angeles,California,2/23/2023,Books,126.43,5
84,3,987,Phoenix,Arizona,2/23/2023,Electronics,412.17,1
469,4,1092,New York,New York,2/24/2023,Toys,708.24,7
646,1,522,Chicago,Illinois,2/25/2023,Electronics,368.09,8
6,17,355,Phoenix,Arizona,2/25/2023,Clothing,340.59,8
34,1,329,Dallas,Texas,2/26/2023,Furniture,986.61,2
33,16,290,New York,New York,2/27/2023,Electronics,812.32,6
530,4,954,Houston,Texas,2/27/2023,Furniture,266.49,8
283,9,41,Houston,Texas,2/27/2023,Furniture,738.81,6
255,10,1214,New York,New York,2/27/2023,Books,270.88,9
142,16,409,Houston,Texas,2/27/2023,Electronics,769.4,7
417,6,997,Houston,Texas,2/27/2023,Books,174.23,2
255,5,471,San Jose,California,2/28/2023,Toys,499.68,1
564,18,1023,Los Angeles,California,3/1/2023,Clothing,123.82,5
459,5,94,New York,New York,3/1/2023,Toys,345.35,9
278,10,234,Los Angeles,California,3/2/2023,Toys,313.99,1
161,12,941,Dallas,Texas,3/2/2023,Clothing,945.45,1
30,8,389,San Diego,California,3/3/2023,Electronics,982.95,2
383,18,681,Philadelphia,Pennsylvania,3/3/2023,Toys,163.6,1
289,9,43,New York,New York,3/3/2023,Toys,400.48,6
592,16,636,Los Angeles,California,3/4/2023,Toys,741.49,7
75,5,1004,Philadelphia,Pennsylvania,3/4/2023,Clothing,172.06,7
116,18,155,New York,New York,3/4/2023,Toys,518.16,3
505,18,348,Chicago,Illinois,3/4/2023,Electronics,973.25,2
16,12,173,Chicago,Illinois,3/6/2023,Toys,893.06,6
316,15,523,Los Angeles,California,3/6/2023,Clothing,622.52,10
271,10,975,Dallas,Texas,3/6/2023,Electronics,560.79,10
218,1,767,Dallas,Texas,3/7/2023,Toys,664.17,2
198,16,881,Chicago,Illinois,3/7/2023,Furniture,801.49,3
363,20,151,Chicago,Illinois,3/8/2023,Toys,732.19,4
656,4,260,Phoenix,Arizona,3/9/2023,Electronics,491.14,3
362,18,219,San Jose,California,3/9/2023,Toys,937.44,8
119,4,224,Philadelphia,Pennsylvania,3/10/2023,Furniture,283.73,10
126,4,682,San Jose,California,3/10/2023,Electronics,827.58,2
300,13,888,San Antonio,Texas,3/10/2023,Toys,817.56,7
188,4,187,Houston,Texas,3/10/2023,Electronics,105.9,3
279,17,13,Philadelphia,Pennsylvania,3/11/2023,Toys,444.04,3
615,2,126,San Jose,California,3/13/2023,Books,750.14,3
301,20,1144,San Antonio,Texas,3/13/2023,Toys,575.27,3
186,12,1153,Phoenix,Arizona,3/14/2023,Toys,616.06,10
140,1,1119,Chicago,Illinois,3/15/2023,Furniture,112.59,4
259,4,1211,New York,New York,3/16/2023,Furniture,195.52,10
211,7,867,San Diego,California,3/16/2023,Books,671.6,10
256,4,486,Philadelphia,Pennsylvania,3/16/2023,Toys,360.06,9
530,6,452,Chicago,Illinois,3/17/2023,Books,655.61,7
123,17,1223,San Antonio,Texas,3/17/2023,Toys,131.47,2
540,19,1022,San Antonio,Texas,3/17/2023,Furniture,879,10
129,13,1239,San Jose,California,3/19/2023,Toys,244.7,7
18,10,319,San Antonio,Texas,3/19/2023,Books,781.24,5
659,19,1013,Chicago,Illinois,3/19/2023,Electronics,603.47,1
332,6,650,Chicago,Illinois,3/21/2023,Toys,893.11,1
387,11,599,San Diego,California,3/22/2023,Toys,732.77,8
621,3,796,Dallas,Texas,3/22/2023,Toys,167,1
371,3,331,Philadelphia,Pennsylvania,3/22/2023,Books,725.91,2
614,19,1039,Philadelphia,Pennsylvania,3/22/2023,Clothing,629.3,5
612,10,970,New York,New York,3/23/2023,Toys,246.84,4
567,12,1010,Los Angeles,California,3/24/2023,Toys,916.85,6
477,4,789,Philadelphia,Pennsylvania,3/25/2023,Toys,960.06,8
659,18,846,Los Angeles,California,3/26/2023,Furniture,426.05,3
73,5,850,New York,New York,3/27/2023,Books,413.39,1
343,20,710,San Diego,California,3/27/2023,Clothing,603.23,10
521,19,916,Houston,Texas,3/27/2023,Books,473.24,5
257,4,593,Phoenix,Arizona,3/29/2023,Toys,368.84,10
601,13,762,San Jose,California,3/30/2023,Electronics,392.5,9
444,4,586,Los Angeles,California,3/30/2023,Furniture,972.94,7
52,9,1123,Houston,Texas,3/31/2023,Clothing,832.27,3
405,8,83,Los Angeles,California,3/31/2023,Toys,579.04,9
576,9,935,San Jose,California,3/31/2023,Electronics,675.2,6
685,20,904,Dallas,Texas,4/1/2023,Electronics,307.65,9
498,7,400,Philadelphia,Pennsylvania,4/2/2023,Electronics,679.28,2
246,19,806,Houston,Texas,4/2/2023,Toys,235.95,2
276,8,79,New York,New York,4/2/2023,Toys,828.65,5
285,20,469,San Diego,California,4/2/2023,Toys,137.3,8
394,5,287,New York,New York,4/3/2023,Toys,628.79,10
665,16,351,Philadelphia,Pennsylvania,4/3/2023,Toys,307.24,6
234,14,855,San Jose,California,4/4/2023,Electronics,696.59,9
500,10,953,New York,New York,4/5/2023,Electronics,371.59,10
406,8,1186,San Diego,California,4/5/2023,Toys,108.68,9
154,18,913,San Antonio,Texas,4/5/2023,Electronics,245.8,3
340,14,840,San Jose,California,4/5/2023,Electronics,880.27,2
444,4,1122,Dallas,Texas,4/6/2023,Clothing,185.28,1
576,3,238,San Diego,California,4/6/2023,Electronics,789.03,10
336,5,895,Los Angeles,California,4/6/2023,Electronics,139.1,6
471,8,731,San Antonio,Texas,4/6/2023,Toys,260.43,3
655,3,1195,Phoenix,Arizona,4/6/2023,Toys,618.79,1
644,14,631,San Diego,California,4/7/2023,Furniture,125.19,5
51,13,973,San Antonio,Texas,4/7/2023,Toys,267.82,8
279,12,249,Dallas,Texas,4/8/2023,Clothing,824.5,3
581,4,54,San Antonio,Texas,4/8/2023,Furniture,103.97,1
43,4,403,Houston,Texas,4/8/2023,Electronics,898.38,1
237,15,423,New York,New York,4/9/2023,Toys,163.79,7
152,3,673,San Diego,California,4/9/2023,Clothing,218.85,7
227,11,665,Houston,Texas,4/9/2023,Books,303.97,7
46,10,677,Phoenix,Arizona,4/9/2023,Toys,209.82,9
494,16,1020,San Jose,California,4/9/2023,Furniture,529.33,4
663,3,937,San Antonio,Texas,4/9/2023,Clothing,233.54,10
133,5,958,Houston,Texas,4/9/2023,Electronics,552.5,7
681,2,450,Phoenix,Arizona,4/9/2023,Electronics,780.55,10
75,15,197,Phoenix,Arizona,4/9/2023,Electronics,732.53,2
512,3,550,New York,New York,4/10/2023,Electronics,928.46,7
426,7,720,Philadelphia,Pennsylvania,4/10/2023,Toys,374.61,9
497,6,429,Houston,Texas,4/10/2023,Books,435.13,2
6,12,241,San Antonio,Texas,4/10/2023,Furniture,104.22,4
410,4,860,Los Angeles,California,4/11/2023,Furniture,813.73,9
245,12,365,New York,New York,4/11/2023,Furniture,132.5,4
553,13,460,New York,New York,4/11/2023,Electronics,439.28,6
114,2,655,Phoenix,Arizona,4/11/2023,Toys,508.7,5
225,15,397,San Jose,California,4/13/2023,Furniture,584.56,4
533,16,130,San Jose,California,4/13/2023,Electronics,777.44,9
588,13,815,Philadelphia,Pennsylvania,4/13/2023,Books,238.29,7
304,4,1233,Dallas,Texas,4/13/2023,Toys,129.14,3
423,13,891,Chicago,Illinois,4/14/2023,Electronics,962.52,7
566,3,854,San Diego,California,4/14/2023,Electronics,227.8,8
296,4,803,Los Angeles,California,4/15/2023,Electronics,176.49,10
58,5,1035,Philadelphia,Pennsylvania,4/15/2023,Clothing,981.3,9
349,4,1043,Los Angeles,California,4/16/2023,Toys,978.21,9
86,20,99,Los Angeles,California,4/16/2023,Books,876.43,8
124,10,708,New York,New York,4/16/2023,Furniture,847.4,7
537,1,535,San Jose,California,4/17/2023,Toys,981.01,1
354,11,349,New York,New York,4/17/2023,Furniture,229.21,8
175,17,989,Phoenix,Arizona,4/18/2023,Furniture,712.2,4
489,12,134,Los Angeles,California,4/18/2023,Electronics,175.34,3
114,8,299,Dallas,Texas,4/19/2023,Furniture,556.53,4
189,1,332,Phoenix,Arizona,4/19/2023,Furniture,336.17,7
642,1,324,Los Angeles,California,4/21/2023,Toys,891.73,1
467,19,554,Dallas,Texas,4/21/2023,Toys,506.24,6
418,10,1009,Chicago,Illinois,4/22/2023,Electronics,378.27,6
336,6,585,Los Angeles,California,4/22/2023,Toys,105.68,6
473,17,160,Philadelphia,Pennsylvania,4/22/2023,Books,329.22,7
439,20,490,New York,New York,4/23/2023,Clothing,186.38,9
28,8,232,San Antonio,Texas,4/23/2023,Toys,619.55,4
311,1,635,Chicago,Illinois,4/23/2023,Toys,867.14,3
35,9,385,San Antonio,Texas,4/23/2023,Toys,897.7,7
356,6,985,Chicago,Illinois,4/23/2023,Toys,604.19,10
630,4,376,Los Angeles,California,4/23/2023,Clothing,276.96,3
628,5,1204,Chicago,Illinois,4/24/2023,Electronics,648.55,5
100,8,938,San Diego,California,4/24/2023,Clothing,433.64,3
127,13,764,Houston,Texas,4/25/2023,Books,115.27,4
485,18,1157,San Jose,California,4/26/2023,Furniture,353.43,6
246,3,713,Houston,Texas,4/26/2023,Clothing,984.22,3
535,3,271,Los Angeles,California,4/26/2023,Furniture,760.45,8
629,12,391,San Antonio,Texas,4/27/2023,Clothing,872.02,3
222,10,247,New York,New York,4/27/2023,Electronics,120.75,10
354,15,98,Phoenix,Arizona,4/28/2023,Books,793.29,10
503,6,630,Chicago,Illinois,4/28/2023,Furniture,643.37,4
124,20,943,San Diego,California,4/29/2023,Electronics,801.45,10
142,16,1033,Houston,Texas,4/29/2023,Electronics,456.72,8
156,14,1191,Phoenix,Arizona,4/30/2023,Furniture,873.58,7
40,1,1090,New York,New York,4/30/2023,Furniture,719.37,3
397,16,387,Los Angeles,California,5/1/2023,Furniture,445.62,8
94,12,1216,San Diego,California,5/1/2023,Toys,682.31,1
32,11,105,San Antonio,Texas,5/2/2023,Clothing,323.7,3
406,7,894,Houston,Texas,5/2/2023,Clothing,647.9,2
18,7,829,San Antonio,Texas,5/2/2023,Furniture,267.66,3
653,1,537,Philadelphia,Pennsylvania,5/2/2023,Furniture,969.13,1
298,13,976,San Antonio,Texas,5/2/2023,Books,870.33,5
401,15,560,San Diego,California,5/2/2023,Clothing,514.9,3
144,8,1079,Philadelphia,Pennsylvania,5/3/2023,Furniture,599.32,6
295,3,70,San Diego,California,5/4/2023,Toys,628.14,5
559,9,772,Phoenix,Arizona,5/4/2023,Books,537.04,9
342,20,200,San Jose,California,5/5/2023,Toys,887.46,4
425,14,26,Chicago,Illinois,5/6/2023,Electronics,173.04,4
164,5,925,New York,New York,5/6/2023,Electronics,908.97,9
593,11,996,Phoenix,Arizona,5/6/2023,Electronics,342.11,7
17,15,608,New York,New York,5/6/2023,Clothing,118.56,9
490,16,784,San Jose,California,5/6/2023,Clothing,779.55,4
91,5,580,San Jose,California,5/6/2023,Furniture,780.35,7
330,19,792,Los Angeles,California,5/7/2023,Toys,283.97,1
297,16,373,Dallas,Texas,5/7/2023,Books,844.44,7
1,3,335,New York,New York,5/7/2023,Electronics,358.33,4
581,9,352,San Antonio,Texas,5/8/2023,Furniture,357.28,8
507,20,466,San Diego,California,5/8/2023,Toys,471.38,8
38,18,827,San Jose,California,5/8/2023,Toys,266.84,8
303,4,712,Dallas,Texas,5/8/2023,Electronics,433.89,4
443,4,57,Chicago,Illinois,5/9/2023,Toys,367.12,10
496,4,683,Chicago,Illinois,5/9/2023,Toys,426.47,5
634,6,14,San Diego,California,5/9/2023,Electronics,323.05,9
85,15,123,Houston,Texas,5/10/2023,Clothing,511.23,6
532,17,1234,San Diego,California,5/10/2023,Furniture,550.98,6
621,2,112,Philadelphia,Pennsylvania,5/11/2023,Furniture,780.64,6
510,10,1139,Phoenix,Arizona,5/11/2023,Clothing,583.54,8
452,9,934,Houston,Texas,5/11/2023,Books,829.84,2
124,1,570,New York,New York,5/11/2023,Electronics,112.74,2
542,1,822,Los Angeles,California,5/12/2023,Furniture,519.06,5
226,15,170,Philadelphia,Pennsylvania,5/13/2023,Furniture,808.77,1
359,3,3,Philadelphia,Pennsylvania,5/13/2023,Books,826.79,9
17,4,412,Philadelphia,Pennsylvania,5/13/2023,Toys,507.38,1
501,20,933,Philadelphia,Pennsylvania,5/13/2023,Electronics,493.52,8
415,13,470,San Jose,California,5/14/2023,Books,111.74,1
411,10,68,Phoenix,Arizona,5/14/2023,Furniture,297.21,7
231,7,368,Phoenix,Arizona,5/15/2023,Electronics,677.36,3
260,12,337,Chicago,Illinois,5/15/2023,Books,246.66,9
523,11,17,San Antonio,Texas,5/15/2023,Clothing,609.76,9
450,18,1063,Los Angeles,California,5/16/2023,Toys,705.68,9
664,4,701,San Jose,California,5/16/2023,Books,592.44,2
65,12,383,San Antonio,Texas,5/16/2023,Toys,825.65,5
677,2,301,Philadelphia,Pennsylvania,5/17/2023,Books,267.88,5
205,3,478,San Antonio,Texas,5/18/2023,Books,252.68,9
615,12,166,Phoenix,Arizona,5/19/2023,Furniture,246.45,10
303,12,670,Chicago,Illinois,5/20/2023,Electronics,124.11,3
464,18,598,New York,New York,5/21/2023,Toys,401.7,4
463,15,1073,San Antonio,Texas,5/21/2023,Furniture,346.89,3
631,11,968,Philadelphia,Pennsylvania,5/22/2023,Electronics,597.52,10
435,20,818,Los Angeles,California,5/23/2023,Electronics,221.71,8
81,12,576,San Diego,California,5/23/2023,Toys,876.66,8
685,7,153,New York,New York,5/23/2023,Toys,751.07,3
486,13,759,Los Angeles,California,5/24/2023,Electronics,735.77,6
44,20,1236,Dallas,Texas,5/24/2023,Clothing,122.13,6
205,10,802,Los Angeles,California,5/24/2023,Electronics,264.72,5
656,20,1132,New York,New York,5/24/2023,Books,103.46,10
182,10,27,Houston,Texas,5/24/2023,Toys,385.29,4
612,20,698,Los Angeles,California,5/24/2023,Books,339.29,4
297,6,808,Phoenix,Arizona,5/24/2023,Electronics,443.65,1
476,10,609,Dallas,Texas,5/25/2023,Books,151.31,7
422,19,125,Chicago,Illinois,5/25/2023,Toys,920.23,5
322,15,133,Chicago,Illinois,5/25/2023,Furniture,158.3,9
586,13,279,Houston,Texas,5/25/2023,Furniture,434.9,10
585,14,1057,San Antonio,Texas,5/25/2023,Toys,730.14,2
447,17,458,Phoenix,Arizona,5/26/2023,Clothing,959.28,3
281,3,257,Chicago,Illinois,5/26/2023,Furniture,709.16,10
167,13,594,Chicago,Illinois,5/27/2023,Clothing,868.1,4
474,16,770,Philadelphia,Pennsylvania,5/27/2023,Furniture,522.59,2
362,10,121,Chicago,Illinois,5/27/2023,Books,244.99,7
241,14,1166,Dallas,Texas,5/27/2023,Toys,686.52,9
462,5,957,Philadelphia,Pennsylvania,5/27/2023,Toys,637.62,8
685,18,964,Los Angeles,California,5/27/2023,Clothing,657.78,9
1,10,210,San Jose,California,5/28/2023,Electronics,932.76,10
218,5,1024,Phoenix,Arizona,5/28/2023,Clothing,315.64,10
148,16,898,San Jose,California,5/28/2023,Electronics,650.97,1
311,7,520,San Diego,California,5/29/2023,Furniture,744.5,2
641,12,2,San Jose,California,5/30/2023,Electronics,804.27,5
209,11,1125,Phoenix,Arizona,5/30/2023,Books,731.79,3
381,19,267,San Diego,California,5/31/2023,Books,678.53,3
327,3,439,New York,New York,5/31/2023,Electronics,114.62,6
22,9,171,Philadelphia,Pennsylvania,5/31/2023,Books,604.25,7
429,20,1251,Houston,Texas,5/31/2023,Books,395.79,8
251,15,929,Chicago,Illinois,5/31/2023,Clothing,206.11,4
303,4,969,San Antonio,Texas,6/1/2023,Toys,245.65,5
571,16,605,Dallas,Texas,6/1/2023,Clothing,399.08,9
217,19,256,Los Angeles,California,6/1/2023,Electronics,680.33,9
97,6,1029,Dallas,Texas,6/1/2023,Toys,253.87,10
2,2,1101,Chicago,Illinois,6/1/2023,Toys,500.77,10
132,8,834,New York,New York,6/2/2023,Furniture,164.56,7
203,1,859,Houston,Texas,6/2/2023,Clothing,364.98,8
619,19,844,Los Angeles,California,6/3/2023,Clothing,494.09,10
90,19,1209,San Antonio,Texas,6/3/2023,Furniture,222.5,8
439,11,262,San Diego,California,6/3/2023,Toys,949.25,3
521,12,165,Houston,Texas,6/4/2023,Electronics,328.28,8
606,8,1021,Chicago,Illinois,6/4/2023,Toys,154.98,3
515,18,870,Chicago,Illinois,6/5/2023,Books,701.36,3
308,5,1114,Philadelphia,Pennsylvania,6/6/2023,Toys,433.9,10
535,17,1065,Houston,Texas,6/7/2023,Clothing,958.43,10
398,3,752,San Diego,California,6/7/2023,Toys,303.77,5
214,18,419,San Jose,California,6/7/2023,Furniture,634.66,10
81,5,305,Houston,Texas,6/9/2023,Clothing,517.33,9
333,13,676,San Antonio,Texas,6/9/2023,Books,565.09,1
236,18,242,Phoenix,Arizona,6/9/2023,Toys,786.76,5
444,7,602,Houston,Texas,6/9/2023,Books,233.52,3
348,15,1052,San Diego,California,6/9/2023,Furniture,241.35,5
260,17,198,New York,New York,6/9/2023,Furniture,672.33,1
13,4,1252,Philadelphia,Pennsylvania,6/9/2023,Electronics,343.82,3
616,13,1066,San Diego,California,6/10/2023,Furniture,690.98,5
670,8,250,Philadelphia,Pennsylvania,6/10/2023,Clothing,778.38,3
446,6,328,Philadelphia,Pennsylvania,6/10/2023,Books,154.18,1
366,3,475,San Antonio,Texas,6/10/2023,Toys,930.43,10
653,16,896,Dallas,Texas,6/11/2023,Electronics,637.18,9
477,20,722,Houston,Texas,6/11/2023,Toys,593.64,7
109,18,318,Phoenix,Arizona,6/12/2023,Books,194.71,9
583,15,542,Phoenix,Arizona,6/12/2023,Furniture,169.74,6
475,6,512,San Antonio,Texas,6/12/2023,Books,979.75,6
458,19,1194,Chicago,Illinois,6/12/2023,Toys,904.99,10
385,5,433,Dallas,Texas,6/13/2023,Clothing,268.78,10
637,1,369,Philadelphia,Pennsylvania,6/13/2023,Electronics,973.85,7
534,4,154,San Jose,California,6/13/2023,Toys,525.97,2
593,12,619,Los Angeles,California,6/14/2023,Books,857.67,4
563,19,557,San Diego,California,6/14/2023,Electronics,267.07,1
206,11,813,San Antonio,Texas,6/14/2023,Toys,388.05,4
336,12,190,Dallas,Texas,6/15/2023,Clothing,197.85,10
349,16,1197,New York,New York,6/16/2023,Toys,646.07,7
399,4,1219,Dallas,Texas,6/16/2023,Electronics,342.31,8
420,1,501,Phoenix,Arizona,6/17/2023,Clothing,862.66,10
240,12,284,Chicago,Illinois,6/17/2023,Furniture,614.12,4
247,19,47,San Jose,California,6/18/2023,Electronics,631.84,8
34,5,644,Chicago,Illinois,6/19/2023,Clothing,467.69,5
450,13,8,San Jose,California,6/19/2023,Toys,902.72,9
374,4,878,Dallas,Texas,6/19/2023,Furniture,512.61,10
522,6,601,Chicago,Illinois,6/19/2023,Electronics,357.25,2
398,18,611,San Jose,California,6/19/2023,Toys,108.98,8
436,10,1005,San Jose,California,6/19/2023,Electronics,965.48,4
470,9,401,Philadelphia,Pennsylvania,6/20/2023,Toys,109.52,7
586,1,382,New York,New York,6/21/2023,Toys,961.28,5
519,15,1089,San Antonio,Texas,6/21/2023,Books,795.52,9
91,4,158,San Antonio,Texas,6/21/2023,Toys,730.38,3
44,11,258,Los Angeles,California,6/21/2023,Clothing,612.45,10
332,16,49,San Antonio,Texas,6/22/2023,Electronics,580.4,5
147,14,751,New York,New York,6/22/2023,Clothing,241.95,4
563,5,518,Phoenix,Arizona,6/22/2023,Books,551.12,10
69,9,149,Houston,Texas,6/22/2023,Books,786.38,5
376,9,1145,Los Angeles,California,6/22/2023,Clothing,514.62,1
161,13,1155,Houston,Texas,6/23/2023,Toys,371.89,6
233,13,1069,San Diego,California,6/23/2023,Electronics,687.52,1
205,3,418,San Diego,California,6/24/2023,Toys,415.32,3
167,13,612,San Jose,California,6/25/2023,Toys,683.87,7
577,8,776,Houston,Texas,6/25/2023,Electronics,623.55,5
84,7,589,Los Angeles,California,6/26/2023,Furniture,264,4
614,12,781,San Diego,California,6/26/2023,Electronics,869.73,9
311,14,1133,Dallas,Texas,6/26/2023,Furniture,909.7,1
472,3,1041,Philadelphia,Pennsylvania,6/26/2023,Toys,762.22,7
364,15,334,Chicago,Illinois,6/27/2023,Clothing,857.53,3
218,16,150,Dallas,Texas,6/27/2023,Electronics,952.73,3
552,15,567,Phoenix,Arizona,6/28/2023,Clothing,145.11,6
486,14,982,Dallas,Texas,6/28/2023,Toys,142.45,5
89,19,1135,San Diego,California,6/29/2023,Toys,823.34,5
55,14,711,Chicago,Illinois,6/29/2023,Toys,220.44,6
13,4,1242,San Jose,California,6/29/2023,Clothing,454.06,5
623,16,581,Phoenix,Arizona,6/29/2023,Toys,827.97,8
334,18,590,San Diego,California,6/30/2023,Toys,218.72,3
165,7,821,San Diego,California,6/30/2023,Books,772.67,9
204,3,847,San Antonio,Texas,7/1/2023,Furniture,292.5,7
685,10,998,Dallas,Texas,7/2/2023,Electronics,867.55,8
268,9,995,Houston,Texas,7/2/2023,Electronics,533.01,5
542,10,353,Phoenix,Arizona,7/3/2023,Toys,330.15,7
15,3,724,San Jose,California,7/3/2023,Books,635.52,3
680,2,1001,Philadelphia,Pennsylvania,7/3/2023,Books,750.29,3
403,5,629,San Antonio,Texas,7/4/2023,Clothing,167.74,9
399,1,179,Dallas,Texas,7/5/2023,Clothing,549.19,10
464,9,1071,Phoenix,Arizona,7/5/2023,Electronics,309.29,1
538,20,963,San Diego,California,7/5/2023,Toys,976.2,3
229,8,227,New York,New York,7/6/2023,Toys,984.31,5
572,15,924,Houston,Texas,7/6/2023,Books,908.66,3
359,13,851,Houston,Texas,7/6/2023,Toys,970.35,7
185,15,36,Los Angeles,California,7/6/2023,Books,361.16,7
123,10,1224,New York,New York,7/6/2023,Electronics,802.91,8
377,10,30,Los Angeles,California,7/7/2023,Furniture,757.4,3
79,10,761,Dallas,Texas,7/7/2023,Toys,907.94,10
204,15,182,New York,New York,7/7/2023,Toys,227.29,6
115,6,811,Philadelphia,Pennsylvania,7/8/2023,Books,727.29,7
618,9,700,Philadelphia,Pennsylvania,7/8/2023,Electronics,958.01,7
668,10,251,San Antonio,Texas,7/9/2023,Electronics,726.79,7
621,9,872,San Antonio,Texas,7/9/2023,Toys,850.68,6
201,19,142,Los Angeles,California,7/9/2023,Books,763.51,1
138,12,1148,San Jose,California,7/9/2023,Books,439.77,9
70,4,625,Houston,Texas,7/9/2023,Toys,840.8,6
684,10,184,San Jose,California,7/9/2023,Toys,513.85,10
112,15,162,Chicago,Illinois,7/10/2023,Clothing,209.01,2
655,4,461,Philadelphia,Pennsylvania,7/10/2023,Electronics,736.28,7
41,13,667,New York,New York,7/10/2023,Electronics,815.64,6
488,18,885,New York,New York,7/11/2023,Electronics,725.31,7
591,13,819,San Jose,California,7/11/2023,Toys,413.81,5
46,18,339,Chicago,Illinois,7/11/2023,Electronics,882.89,10
284,15,702,Phoenix,Arizona,7/11/2023,Clothing,829.8,5
311,18,5,Houston,Texas,7/11/2023,Clothing,709.45,5
306,9,343,San Jose,California,7/11/2023,Furniture,286.6,3
103,13,72,San Diego,California,7/11/2023,Electronics,923.36,10
458,16,915,San Diego,California,7/13/2023,Toys,425.38,5
662,11,657,San Jose,California,7/13/2023,Clothing,180.53,1
650,10,499,Los Angeles,California,7/14/2023,Clothing,483.73,8
146,1,561,Phoenix,Arizona,7/14/2023,Electronics,192.6,3
455,13,336,San Jose,California,7/14/2023,Electronics,242.51,9
610,4,1060,Dallas,Texas,7/15/2023,Furniture,992.29,5
539,3,1011,Phoenix,Arizona,7/15/2023,Furniture,253.18,5
170,1,627,Los Angeles,California,7/16/2023,Toys,826.83,1
492,18,379,San Jose,California,7/16/2023,Furniture,832.64,6
199,16,1098,Chicago,Illinois,7/17/2023,Furniture,896.27,3
325,10,6,San Diego,California,7/17/2023,Toys,452.36,4
306,15,1097,Chicago,Illinois,7/17/2023,Clothing,700.04,6
97,4,597,Dallas,Texas,7/18/2023,Toys,275.87,3
417,20,1138,Phoenix,Arizona,7/20/2023,Toys,152.57,8
248,13,496,San Antonio,Texas,7/20/2023,Clothing,607.34,5
601,11,405,San Antonio,Texas,7/20/2023,Toys,120.88,7
212,15,907,Los Angeles,California,7/21/2023,Electronics,592.97,5
155,9,715,Los Angeles,California,7/21/2023,Toys,129.28,5
304,18,364,Philadelphia,Pennsylvania,7/21/2023,Toys,788.43,2
433,19,658,Chicago,Illinois,7/21/2023,Furniture,265.07,7
399,6,129,Chicago,Illinois,7/22/2023,Clothing,446.81,7
337,15,137,Dallas,Texas,7/22/2023,Electronics,636.82,5
417,3,511,Chicago,Illinois,7/23/2023,Electronics,135.18,7
395,2,362,Los Angeles,California,7/24/2023,Clothing,445.85,5
209,12,633,San Jose,California,7/24/2023,Electronics,831.84,9
368,17,485,Chicago,Illinois,7/25/2023,Furniture,721.54,1
128,9,1250,Houston,Texas,7/25/2023,Toys,604.19,1
586,8,1253,Houston,Texas,7/26/2023,Toys,996.81,5
186,11,309,Houston,Texas,7/26/2023,Clothing,153.67,3
674,15,688,Los Angeles,California,7/26/2023,Toys,595.43,1
181,7,1050,Los Angeles,California,7/27/2023,Clothing,181.27,4
84,8,406,Los Angeles,California,7/27/2023,Books,555.1,3
79,3,771,Phoenix,Arizona,7/27/2023,Furniture,612.62,2
421,13,1130,New York,New York,7/31/2023,Toys,862.07,2
134,14,965,Los Angeles,California,7/31/2023,Toys,786.71,10
86,6,951,Los Angeles,California,8/1/2023,Toys,111.74,7
393,7,1164,Los Angeles,California,8/1/2023,Toys,556.3,3
287,6,693,Houston,Texas,8/2/2023,Clothing,226.76,10
444,20,304,Los Angeles,California,8/2/2023,Clothing,763.59,2
221,12,697,Phoenix,Arizona,8/2/2023,Electronics,485.56,6
176,19,517,San Jose,California,8/3/2023,Furniture,394.89,10
552,16,492,New York,New York,8/3/2023,Books,278.7,1
188,16,156,Chicago,Illinois,8/3/2023,Clothing,119.32,5
512,16,1227,San Antonio,Texas,8/3/2023,Toys,178.86,8
491,3,962,San Diego,California,8/3/2023,Books,220.56,5
472,12,314,San Antonio,Texas,8/4/2023,Electronics,772.78,1
187,13,696,Chicago,Illinois,8/4/2023,Clothing,564.15,5
522,7,574,San Jose,California,8/5/2023,Toys,659.65,3
212,10,416,Chicago,Illinois,8/5/2023,Furniture,767.71,10
427,2,497,Los Angeles,California,8/5/2023,Furniture,355.07,1
25,16,136,Los Angeles,California,8/5/2023,Electronics,400.88,7
308,20,1150,San Antonio,Texas,8/5/2023,Electronics,120.34,3
651,5,577,New York,New York,8/5/2023,Toys,642.22,7
527,2,835,Houston,Texas,8/6/2023,Electronics,900.07,1
238,15,566,Phoenix,Arizona,8/6/2023,Clothing,973.74,6
360,11,191,Dallas,Texas,8/6/2023,Toys,425.85,1
603,13,307,San Jose,California,8/6/2023,Toys,116.27,9
44,14,396,Dallas,Texas,8/6/2023,Electronics,269.83,5
111,18,61,Los Angeles,California,8/8/2023,Toys,583.54,3
283,7,100,San Jose,California,8/8/2023,Electronics,850.41,5
80,8,425,San Diego,California,8/8/2023,Clothing,949.35,6
676,3,40,New York,New York,8/8/2023,Furniture,912.4,1
396,15,76,Phoenix,Arizona,8/8/2023,Books,807.09,1
531,6,918,Los Angeles,California,8/8/2023,Electronics,833.66,6
275,16,552,New York,New York,8/9/2023,Toys,736.55,8
27,5,864,Phoenix,Arizona,8/10/2023,Toys,948.19,7
130,11,259,San Diego,California,8/10/2023,Furniture,923.68,1
219,13,420,San Jose,California,8/10/2023,Toys,486.16,5
457,18,572,Houston,Texas,8/11/2023,Furniture,197,5
297,8,493,San Antonio,Texas,8/11/2023,Toys,912.15,7
376,10,315,Houston,Texas,8/11/2023,Books,337.65,8
560,4,617,San Jose,California,8/11/2023,Electronics,947.87,6
385,17,1131,Houston,Texas,8/12/2023,Furniture,949.7,1
549,13,679,Dallas,Texas,8/12/2023,Toys,775.77,8
641,8,476,New York,New York,8/12/2023,Electronics,549.3,4
334,8,321,Phoenix,Arizona,8/12/2023,Electronics,541.37,2
213,15,816,San Antonio,Texas,8/13/2023,Toys,141.76,4
635,2,946,Chicago,Illinois,8/13/2023,Electronics,488.3,3
424,3,1180,Dallas,Texas,8/13/2023,Electronics,160.19,7
410,3,127,San Antonio,Texas,8/14/2023,Clothing,483.97,1
577,17,553,Los Angeles,California,8/14/2023,Electronics,265.95,7
378,14,569,Chicago,Illinois,8/15/2023,Books,331.38,8
221,14,361,Los Angeles,California,8/15/2023,Toys,149.88,7
555,4,584,San Diego,California,8/15/2023,Furniture,886.46,9
252,1,882,Houston,Texas,8/15/2023,Electronics,996.17,1
642,18,1109,Dallas,Texas,8/15/2023,Clothing,118.39,4
127,2,45,Chicago,Illinois,8/16/2023,Furniture,324.17,7
243,6,814,New York,New York,8/17/2023,Toys,458.3,7
588,5,721,San Diego,California,8/17/2023,Toys,719.94,3
52,17,1105,San Diego,California,8/17/2023,Furniture,195.78,2
492,3,356,San Jose,California,8/18/2023,Books,416.78,1
96,20,931,Houston,Texas,8/18/2023,Toys,444.31,7
484,18,248,Philadelphia,Pennsylvania,8/19/2023,Furniture,847.45,10
389,11,558,Dallas,Texas,8/19/2023,Toys,912.08,6
119,4,39,Chicago,Illinois,8/19/2023,Electronics,121.41,10
67,10,327,Chicago,Illinois,8/19/2023,Toys,810.35,5
335,19,1201,Philadelphia,Pennsylvania,8/19/2023,Furniture,638.02,1
661,17,1215,San Jose,California,8/21/2023,Toys,810.96,9
584,5,526,Dallas,Texas,8/21/2023,Toys,647.79,3
79,9,239,Chicago,Illinois,8/21/2023,Clothing,358.6,8
412,6,1051,Dallas,Texas,8/21/2023,Toys,872.32,5
11,20,1167,Dallas,Texas,8/21/2023,Electronics,439.94,5
431,9,29,Los Angeles,California,8/21/2023,Electronics,154.75,10
373,15,85,Chicago,Illinois,8/21/2023,Electronics,765.69,5
393,18,32,Los Angeles,California,8/21/2023,Clothing,763.78,1
398,15,206,San Jose,California,8/22/2023,Furniture,750.51,6
322,12,31,Los Angeles,California,8/23/2023,Toys,293.58,5
614,14,132,Phoenix,Arizona,8/23/2023,Electronics,454.7,3
389,9,748,New York,New York,8/24/2023,Electronics,784.44,9
132,11,231,Chicago,Illinois,8/24/2023,Clothing,280.01,7
500,9,1228,San Diego,California,8/25/2023,Electronics,391.54,7
416,19,1206,Philadelphia,Pennsylvania,8/25/2023,Electronics,728.77,2
448,9,565,Houston,Texas,8/25/2023,Toys,723.5,6
501,19,484,San Jose,California,8/26/2023,Books,666.97,7
394,14,116,Philadelphia,Pennsylvania,8/26/2023,Electronics,206.44,1
661,15,1067,San Antonio,Texas,8/26/2023,Toys,218.24,7
93,17,277,San Jose,California,8/27/2023,Clothing,870.52,9
455,15,131,Dallas,Texas,8/27/2023,Toys,125.35,9
406,19,733,San Diego,California,8/27/2023,Clothing,853.75,1
602,4,384,Houston,Texas,8/27/2023,Electronics,786.71,9
466,19,202,Philadelphia,Pennsylvania,8/27/2023,Furniture,771.89,10
340,1,622,Houston,Texas,8/28/2023,Electronics,334.67,4
591,18,325,Phoenix,Arizona,8/28/2023,Clothing,821.93,3
578,12,380,Dallas,Texas,8/28/2023,Toys,307.44,3
396,4,1159,San Diego,California,8/29/2023,Toys,729.85,1
576,3,505,San Antonio,Texas,8/30/2023,Toys,526.75,5
333,14,568,San Diego,California,8/30/2023,Electronics,145,9
621,4,1,Chicago,Illinois,8/30/2023,Electronics,998.08,4
53,1,1187,San Diego,California,8/30/2023,Clothing,395.79,6
339,15,743,Phoenix,Arizona,8/31/2023,Clothing,749.23,4
682,18,804,Philadelphia,Pennsylvania,9/1/2023,Clothing,686.99,6
300,16,503,Phoenix,Arizona,9/3/2023,Electronics,433.18,1
255,17,766,San Jose,California,9/3/2023,Clothing,552.39,8
480,20,410,Houston,Texas,9/4/2023,Clothing,302.25,7
589,14,824,San Diego,California,9/4/2023,Toys,246.74,3
227,3,50,San Jose,California,9/4/2023,Furniture,120.23,5
490,7,587,New York,New York,9/4/2023,Clothing,766.92,7
611,12,978,Houston,Texas,9/4/2023,Electronics,687,5
150,11,1085,San Jose,California,9/6/2023,Toys,907.47,2
524,16,451,Phoenix,Arizona,9/6/2023,Toys,240.65,6
234,1,1218,San Jose,California,9/6/2023,Toys,381.75,10
551,12,293,New York,New York,9/6/2023,Clothing,468.92,1
543,6,551,San Antonio,Texas,9/7/2023,Books,187.38,5
422,5,563,Phoenix,Arizona,9/7/2023,Electronics,440.05,3
250,1,794,Houston,Texas,9/7/2023,Electronics,530.41,2
261,16,152,Los Angeles,California,9/8/2023,Books,962.38,6
270,3,1003,Houston,Texas,9/8/2023,Toys,690.61,6
570,7,971,Chicago,Illinois,9/9/2023,Electronics,433.05,5
15,16,956,San Diego,California,9/9/2023,Clothing,575.16,9
393,19,489,Los Angeles,California,9/9/2023,Furniture,266.83,7
322,13,592,New York,New York,9/9/2023,Toys,844.67,6
300,14,858,San Jose,California,9/9/2023,Books,199.4,9
537,17,573,San Antonio,Texas,9/9/2023,Furniture,130.31,6
392,12,1128,Chicago,Illinois,9/9/2023,Electronics,471.89,10
235,19,74,Dallas,Texas,9/10/2023,Books,580.07,9
238,3,912,San Jose,California,9/10/2023,Toys,665.2,8
622,7,1192,Phoenix,Arizona,9/10/2023,Clothing,394.04,4
354,3,1203,Los Angeles,California,9/10/2023,Furniture,580.21,10
339,5,666,Los Angeles,California,9/10/2023,Furniture,756.98,9
503,7,1047,Houston,Texas,9/10/2023,Furniture,643.96,3
262,20,521,San Antonio,Texas,9/11/2023,Clothing,411.28,3
633,2,1115,New York,New York,9/11/2023,Books,318.02,8
92,1,434,Philadelphia,Pennsylvania,9/11/2023,Toys,985.82,4
295,19,1190,Dallas,Texas,9/12/2023,Toys,893.18,4
322,12,435,Los Angeles,California,9/12/2023,Furniture,563.22,9
602,10,97,New York,New York,9/12/2023,Toys,848.06,9
546,11,413,Phoenix,Arizona,9/13/2023,Toys,424.45,5
650,13,809,San Diego,California,9/13/2023,Clothing,845.26,10
124,9,16,New York,New York,9/14/2023,Toys,399.06,3
533,7,690,New York,New York,9/14/2023,Clothing,312.32,5
400,13,1059,Phoenix,Arizona,9/14/2023,Clothing,741.3,7
152,20,341,Houston,Texas,9/15/2023,Furniture,332.28,7
69,4,1246,Los Angeles,California,9/15/2023,Electronics,936.37,8
34,11,1196,San Jose,California,9/16/2023,Toys,178.95,10
469,12,704,Chicago,Illinois,9/16/2023,Toys,357,1
192,4,1134,New York,New York,9/16/2023,Books,761.89,7
608,10,750,Philadelphia,Pennsylvania,9/16/2023,Clothing,378.87,2
172,12,1027,Dallas,Texas,9/16/2023,Furniture,646.64,7
601,4,837,San Antonio,Texas,9/17/2023,Electronics,949.33,10
402,9,465,Dallas,Texas,9/17/2023,Books,777.37,8
447,8,795,Dallas,Texas,9/18/2023,Furniture,102.6,10
105,3,1254,San Jose,California,9/19/2023,Books,577.75,5
300,14,42,Philadelphia,Pennsylvania,9/19/2023,Toys,202.17,4
269,19,787,San Antonio,Texas,9/20/2023,Toys,275.48,1
65,2,102,San Diego,California,9/21/2023,Toys,561.24,5
199,10,302,San Antonio,Texas,9/21/2023,Furniture,517.84,5
553,15,214,Los Angeles,California,9/21/2023,Toys,512.1,9
132,17,678,San Jose,California,9/21/2023,Toys,124.36,9
124,9,428,San Jose,California,9/21/2023,Clothing,899.79,7
660,5,624,San Antonio,Texas,9/22/2023,Toys,990.01,5
647,11,390,Philadelphia,Pennsylvania,9/22/2023,Clothing,902.48,6
302,6,817,Dallas,Texas,9/24/2023,Furniture,333.79,8
487,9,516,Dallas,Texas,9/24/2023,Clothing,706.36,9
410,9,424,Chicago,Illinois,9/25/2023,Toys,165.24,9
596,4,1178,New York,New York,9/25/2023,Furniture,179.81,5
132,4,205,Philadelphia,Pennsylvania,9/25/2023,Electronics,293.34,3
672,17,917,San Jose,California,9/25/2023,Books,808.54,2
465,16,1036,Houston,Texas,9/25/2023,Toys,151.78,6
459,11,211,Phoenix,Arizona,9/26/2023,Toys,650.56,9
659,7,235,San Antonio,Texas,9/27/2023,Books,359.89,4
341,5,222,Phoenix,Arizona,9/28/2023,Toys,903.27,2
490,8,755,Dallas,Texas,9/28/2023,Clothing,305.93,8
521,17,857,Houston,Texas,9/28/2023,Furniture,378.4,10
433,12,615,San Antonio,Texas,9/28/2023,Toys,492.3,8
601,12,1247,Chicago,Illinois,9/29/2023,Books,708,3
303,5,966,Chicago,Illinois,9/29/2023,Books,311.39,9
1,17,357,Los Angeles,California,9/30/2023,Toys,910.81,8
113,9,441,San Jose,California,9/30/2023,Electronics,288.09,4
281,4,59,New York,New York,9/30/2023,Clothing,333.14,10
634,10,955,Dallas,Texas,9/30/2023,Clothing,556.36,6
570,16,760,Phoenix,Arizona,10/1/2023,Toys,743.28,4
527,10,651,Chicago,Illinois,10/1/2023,Toys,527.84,3
223,4,360,Houston,Texas,10/2/2023,Toys,456.43,2
420,6,1102,Chicago,Illinois,10/2/2023,Toys,586.44,7
521,6,1038,Los Angeles,California,10/4/2023,Electronics,236.94,3
64,3,984,Los Angeles,California,10/4/2023,Furniture,376.73,4
504,10,509,New York,New York,10/4/2023,Toys,466.04,6
282,11,757,Chicago,Illinois,10/4/2023,Electronics,497,10
684,18,777,Los Angeles,California,10/4/2023,Furniture,590.73,5
171,19,266,San Jose,California,10/5/2023,Toys,409.09,4
241,18,282,San Antonio,Texas,10/6/2023,Books,174.97,6
360,16,407,New York,New York,10/6/2023,Toys,578.01,9
430,16,1237,Dallas,Texas,10/7/2023,Furniture,364.78,3
536,6,1081,San Jose,California,10/7/2023,Books,232.77,4
30,11,463,New York,New York,10/7/2023,Furniture,256,8
180,9,108,Houston,Texas,10/7/2023,Furniture,814.55,6
330,16,455,Houston,Texas,10/7/2023,Toys,105.5,2
382,17,555,Houston,Texas,10/8/2023,Electronics,511.77,3
103,2,723,San Diego,California,10/8/2023,Toys,236.03,9
466,14,746,Phoenix,Arizona,10/9/2023,Toys,818.56,3
281,16,674,San Jose,California,10/9/2023,Electronics,689.61,7
446,11,754,New York,New York,10/10/2023,Furniture,486.34,4
387,1,395,Dallas,Texas,10/10/2023,Toys,559.39,4
383,1,805,San Antonio,Texas,10/10/2023,Toys,460.82,10
601,7,181,Philadelphia,Pennsylvania,10/10/2023,Clothing,153.94,8
564,3,109,Los Angeles,California,10/10/2023,Clothing,620.26,6
127,14,905,New York,New York,10/11/2023,Furniture,650.42,5
638,4,596,San Antonio,Texas,10/11/2023,Toys,152.91,9
202,1,393,Los Angeles,California,10/11/2023,Toys,608.89,6
675,9,60,San Antonio,Texas,10/11/2023,Clothing,138.57,6
31,2,375,Dallas,Texas,10/12/2023,Clothing,201.29,8
482,16,906,San Antonio,Texas,10/12/2023,Electronics,561.68,9
142,3,889,San Antonio,Texas,10/12/2023,Toys,834.46,7
577,1,986,Philadelphia,Pennsylvania,10/13/2023,Toys,296.17,6
579,17,252,San Diego,California,10/13/2023,Electronics,133.87,7
451,4,616,Los Angeles,California,10/13/2023,Clothing,721.19,9
4,14,456,New York,New York,10/13/2023,Clothing,556.59,2
286,11,1077,San Diego,California,10/13/2023,Furniture,328.42,5
350,20,745,Philadelphia,Pennsylvania,10/15/2023,Electronics,503.61,6
443,10,668,San Antonio,Texas,10/15/2023,Books,329.07,4
440,5,575,Houston,Texas,10/15/2023,Toys,538.01,5
346,15,706,Philadelphia,Pennsylvania,10/16/2023,Clothing,850.1,1
22,17,225,Los Angeles,California,10/16/2023,Electronics,880.19,8
74,13,1154,San Jose,California,10/16/2023,Electronics,763.2,5
54,14,730,San Diego,California,10/16/2023,Electronics,950.94,2
297,4,1142,New York,New York,10/17/2023,Toys,957.4,8
678,15,185,Phoenix,Arizona,10/17/2023,Electronics,372.71,5
53,17,1152,Chicago,Illinois,10/19/2023,Electronics,953.22,6
399,6,1030,Houston,Texas,10/19/2023,Books,807.85,2
478,12,649,San Diego,California,10/20/2023,Electronics,838.73,3
132,14,1037,San Antonio,Texas,10/21/2023,Books,400.6,10
42,8,719,Dallas,Texas,10/21/2023,Toys,543.69,10
602,13,436,Los Angeles,California,10/21/2023,Books,480.07,1
261,4,782,New York,New York,10/21/2023,Books,565.32,6
628,4,999,Houston,Texas,10/22/2023,Toys,218.51,9
40,20,204,San Antonio,Texas,10/23/2023,Toys,975.2,7
597,16,778,Dallas,Texas,10/25/2023,Electronics,816.97,3
92,10,1137,Philadelphia,Pennsylvania,10/26/2023,Clothing,832.45,4
118,6,183,Philadelphia,Pennsylvania,10/27/2023,Toys,859.46,5
566,20,641,New York,New York,10/28/2023,Electronics,635.23,3
390,13,1091,Philadelphia,Pennsylvania,10/28/2023,Books,302.18,3
58,15,664,Los Angeles,California,10/28/2023,Electronics,813.63,4
225,8,394,Phoenix,Arizona,10/29/2023,Clothing,738.78,7
449,8,1248,Philadelphia,Pennsylvania,10/29/2023,Electronics,156.34,3
124,1,1017,Phoenix,Arizona,10/30/2023,Clothing,623.8,5
239,7,195,Phoenix,Arizona,10/30/2023,Clothing,831.96,4
179,11,729,Chicago,Illinois,10/30/2023,Furniture,289.05,7
397,9,961,San Jose,California,10/30/2023,Books,608.17,3
430,17,66,New York,New York,10/31/2023,Furniture,348.73,9
151,20,899,San Diego,California,10/31/2023,Toys,917.59,4
16,2,491,San Diego,California,10/31/2023,Toys,560.31,7
394,16,1146,San Antonio,Texas,10/31/2023,Electronics,463.18,9
115,6,1025,San Diego,California,10/31/2023,Toys,107.16,6
676,13,157,San Antonio,Texas,11/1/2023,Electronics,897.24,6
544,19,220,New York,New York,11/1/2023,Electronics,483.82,1
38,18,4,San Diego,California,11/2/2023,Books,842.36,7
446,5,1046,Phoenix,Arizona,11/2/2023,Electronics,926.67,9
640,9,942,San Diego,California,11/2/2023,Clothing,117.39,4
55,11,118,San Diego,California,11/3/2023,Toys,911.05,7
348,13,101,Chicago,Illinois,11/3/2023,Clothing,417.31,9
219,10,270,Phoenix,Arizona,11/4/2023,Books,385.06,5
78,9,728,Los Angeles,California,11/4/2023,Electronics,226.82,7
55,17,1104,Dallas,Texas,11/4/2023,Electronics,962.11,1
95,20,310,Houston,Texas,11/5/2023,Electronics,824.74,1
37,16,769,Dallas,Texas,11/6/2023,Electronics,931.74,10
288,18,218,Chicago,Illinois,11/6/2023,Toys,693.72,6
662,10,208,San Jose,California,11/7/2023,Books,751.8,4
564,6,948,Houston,Texas,11/7/2023,Toys,223.26,9
112,4,1070,Los Angeles,California,11/8/2023,Toys,482.73,5
510,4,473,Los Angeles,California,11/8/2023,Toys,781.9,3
630,12,159,Phoenix,Arizona,11/8/2023,Toys,484.61,5
496,6,529,Chicago,Illinois,11/9/2023,Books,555.21,2
21,1,705,New York,New York,11/9/2023,Clothing,526.32,10
23,18,843,Philadelphia,Pennsylvania,11/10/2023,Furniture,160.6,1
273,18,515,Houston,Texas,11/10/2023,Furniture,952.87,10
81,3,35,Dallas,Texas,11/10/2023,Toys,565.03,10
659,7,292,Philadelphia,Pennsylvania,11/11/2023,Toys,774.66,8
451,19,1075,San Diego,California,11/11/2023,Electronics,714.38,2
156,1,836,Phoenix,Arizona,11/12/2023,Furniture,904.41,6
187,18,879,Dallas,Texas,11/12/2023,Books,583.14,8
634,8,607,Phoenix,Arizona,11/12/2023,Toys,376.84,5
321,10,1103,San Antonio,Texas,11/13/2023,Toys,388.99,1
17,6,1184,San Jose,California,11/13/2023,Furniture,800.33,2
82,15,438,New York,New York,11/13/2023,Furniture,389.49,10
525,5,1151,San Jose,California,11/13/2023,Toys,487,2
558,4,350,New York,New York,11/14/2023,Clothing,636.25,1
559,6,801,San Diego,California,11/14/2023,Electronics,101.1,3
28,13,1061,Dallas,Texas,11/14/2023,Clothing,903.66,4
206,5,514,New York,New York,11/15/2023,Toys,942.62,3
525,18,848,Philadelphia,Pennsylvania,11/15/2023,Toys,352.89,2
235,15,823,Los Angeles,California,11/16/2023,Clothing,225.95,4
270,12,947,Los Angeles,California,11/17/2023,Toys,189.76,2
165,17,738,Houston,Texas,11/17/2023,Furniture,371.38,3
321,17,148,Los Angeles,California,11/18/2023,Toys,191.82,3
44,11,886,Philadelphia,Pennsylvania,11/19/2023,Toys,449.1,2
286,10,209,Phoenix,Arizona,11/19/2023,Toys,777.94,1
134,5,1210,Dallas,Texas,11/19/2023,Clothing,769.01,5
536,10,613,Phoenix,Arizona,11/20/2023,Electronics,644.07,3
665,16,374,San Jose,California,11/21/2023,Toys,714.43,5
482,4,637,Dallas,Texas,11/21/2023,Books,245.8,1
199,17,610,Phoenix,Arizona,11/21/2023,Electronics,376.57,7
383,1,140,San Diego,California,11/22/2023,Toys,453.72,10
175,13,919,Houston,Texas,11/22/2023,Furniture,236.47,6
666,5,820,San Antonio,Texas,11/22/2023,Clothing,151.6,9
620,13,278,Phoenix,Arizona,11/23/2023,Electronics,597.97,1
83,18,354,San Jose,California,11/23/2023,Books,429.54,1
99,13,979,New York,New York,11/23/2023,Furniture,344.44,8
441,14,783,Chicago,Illinois,11/24/2023,Furniture,719.96,8
340,14,652,Chicago,Illinois,11/25/2023,Electronics,907.97,6
625,15,223,Philadelphia,Pennsylvania,11/26/2023,Toys,539.5,9
342,12,1169,San Antonio,Texas,11/26/2023,Clothing,196.36,2
175,17,1068,Philadelphia,Pennsylvania,11/26/2023,Toys,842.75,5
256,1,446,San Diego,California,11/27/2023,Electronics,144.24,10
579,11,1173,San Diego,California,11/27/2023,Toys,986.83,6
344,14,1053,Dallas,Texas,11/27/2023,Electronics,167.76,10
369,7,432,Houston,Texas,12/1/2023,Toys,876.72,8
351,11,139,Houston,Texas,12/1/2023,Clothing,515.82,3
417,18,221,Philadelphia,Pennsylvania,12/2/2023,Clothing,412.93,2
662,5,96,Phoenix,Arizona,12/2/2023,Books,159.01,1
582,14,454,Chicago,Illinois,12/3/2023,Electronics,828.16,10
209,5,1044,Philadelphia,Pennsylvania,12/3/2023,Toys,516.73,4
588,12,245,Phoenix,Arizona,12/4/2023,Toys,656.75,1
265,13,788,Philadelphia,Pennsylvania,12/4/2023,Furniture,227.88,2
248,10,117,San Diego,California,12/4/2023,Toys,428.84,2
160,5,600,New York,New York,12/4/2023,Electronics,624.97,4
571,17,892,Phoenix,Arizona,12/5/2023,Toys,343.53,2
645,15,582,Phoenix,Arizona,12/5/2023,Toys,466.76,2
432,17,1205,Houston,Texas,12/6/2023,Clothing,734.12,9
299,8,685,New York,New York,12/6/2023,Electronics,541.7,7
434,6,189,Chicago,Illinois,12/6/2023,Electronics,993.61,6
551,7,308,Houston,Texas,12/6/2023,Toys,411.85,6
584,1,188,Houston,Texas,12/6/2023,Toys,908.88,6
42,8,504,Dallas,Texas,12/7/2023,Toys,422.71,2
198,17,901,San Diego,California,12/7/2023,Books,128.33,3
117,6,1108,San Diego,California,12/7/2023,Books,646.07,8
391,4,217,Houston,Texas,12/8/2023,Clothing,568.28,3
403,4,531,Los Angeles,California,12/8/2023,Furniture,258.53,6
581,16,910,Chicago,Illinois,12/8/2023,Toys,920.84,10
133,17,1007,San Jose,California,12/8/2023,Electronics,611.29,6
210,17,663,Chicago,Illinois,12/8/2023,Books,683.15,1
7,20,546,San Diego,California,12/8/2023,Books,458.57,8
277,3,193,San Antonio,Texas,12/9/2023,Clothing,136.79,3
356,16,773,Chicago,Illinois,12/10/2023,Furniture,476.86,5
225,8,203,Philadelphia,Pennsylvania,12/10/2023,Furniture,514.51,8
20,14,1110,San Diego,California,12/11/2023,Books,564.64,7
203,4,534,San Jose,California,12/11/2023,Furniture,847.93,3
5,4,1171,Philadelphia,Pennsylvania,12/12/2023,Toys,335.7,1
134,8,944,San Antonio,Texas,12/12/2023,Electronics,972.14,5
205,20,1179,Philadelphia,Pennsylvania,12/12/2023,Furniture,618.14,7
147,12,699,New York,New York,12/12/2023,Furniture,122.79,3
289,13,199,San Antonio,Texas,12/12/2023,Electronics,253.82,10
450,6,24,Chicago,Illinois,12/12/2023,Toys,493.46,1
461,8,440,Houston,Texas,12/12/2023,Clothing,673.88,6
639,14,1226,Phoenix,Arizona,12/13/2023,Toys,489.91,4
594,8,398,Chicago,Illinois,12/14/2023,Toys,155.03,3
679,6,82,San Diego,California,12/14/2023,Furniture,940.44,10
409,16,417,San Diego,California,12/14/2023,Clothing,867.07,8
646,17,927,Phoenix,Arizona,12/14/2023,Toys,862.01,8
331,12,545,San Jose,California,12/15/2023,Electronics,496.31,9
448,3,797,Los Angeles,California,12/15/2023,Electronics,287.76,5
214,9,1062,New York,New York,12/15/2023,Electronics,806.09,7
84,11,559,Philadelphia,Pennsylvania,12/15/2023,Books,909.31,9
190,8,265,San Antonio,Texas,12/15/2023,Toys,672.82,8
563,11,1176,New York,New York,12/16/2023,Electronics,259.9,9
164,7,378,San Jose,California,12/16/2023,Toys,444.09,1
131,13,128,Philadelphia,Pennsylvania,12/17/2023,Clothing,319.57,2
192,13,18,Chicago,Illinois,12/17/2023,Toys,431.47,2
330,8,421,San Jose,California,12/18/2023,Clothing,756.27,1
3,7,64,Chicago,Illinois,12/18/2023,Toys,210.29,5
136,10,445,San Antonio,Texas,12/18/2023,Clothing,503.71,4
282,13,89,San Jose,California,12/20/2023,Clothing,725,3
33,18,371,Phoenix,Arizona,12/21/2023,Furniture,894.79,8
622,13,900,San Antonio,Texas,12/21/2023,Toys,461.55,7
491,5,1049,Houston,Texas,12/21/2023,Clothing,514.93,7
657,2,1221,San Antonio,Texas,12/21/2023,Books,425.81,7
419,1,768,New York,New York,12/23/2023,Clothing,410.42,7
582,7,1094,San Diego,California,12/23/2023,Toys,933.61,10
56,14,1031,Phoenix,Arizona,12/23/2023,Toys,836.52,2
430,6,908,San Diego,California,12/24/2023,Toys,581.28,3
431,20,175,San Antonio,Texas,12/24/2023,Clothing,814.77,4
420,6,654,San Antonio,Texas,12/25/2023,Furniture,154.43,5
192,8,1095,Phoenix,Arizona,12/25/2023,Furniture,455.72,4
532,9,556,San Jose,California,12/26/2023,Toys,488.21,7
495,9,444,Los Angeles,California,12/26/2023,Toys,987.85,9
12,4,583,Dallas,Texas,12/26/2023,Toys,806.69,9
284,15,1016,Dallas,Texas,12/26/2023,Books,183.14,9
639,14,291,San Diego,California,12/26/2023,Toys,900.34,2
270,15,411,Chicago,Illinois,12/26/2023,Furniture,501.7,4
383,3,180,Dallas,Texas,12/27/2023,Toys,285.08,7
242,13,1177,Los Angeles,California,12/27/2023,Toys,818.49,1
404,10,322,Dallas,Texas,12/29/2023,Electronics,430.97,5
86,11,1193,Houston,Texas,12/30/2023,Toys,391.87,5
443,19,692,Dallas,Texas,12/30/2023,Clothing,329.77,9
121,11,842,San Antonio,Texas,12/31/2023,Books,993.87,10
551,2,33,New York,New York,12/31/2023,Toys,378.37,5
6,16,280,San Diego,California,12/31/2023,Electronics,375.75,7
597,16,1222,Dallas,Texas,12/31/2023,Toys,735.55,1
322,12,714,New York,New York,12/31/2023,Electronics,405.01,9
